@article{bandyopadhyay2008simulated,
  title={A simulated annealing-based multiobjective optimization algorithm: AMOSA},
  author={Bandyopadhyay, Sanghamitra and Saha, Sriparna and Maulik, Ujjwal and Deb, Kalyanmoy},
  journal={Evolutionary Computation, IEEE Transactions on},
  volume={12},
  number={3},
  pages={269--283},
  year={2008},
  publisher={IEEE}
}

@book{garey1979computers,
  title={Book: Computers and intractability},
  author={Garey, Michael R and Johnson, David S},
  volume={174},
  year={1979},
  publisher={freeman New York}
}

@article{brucker1990job,
  title={Job-shop scheduling with multi-purpose machines},
  author={Brucker, Peter and Schlie, Rainer},
  journal={Computing},
  volume={45},
  number={4},
  pages={369--375},
  year={1990},
  publisher={Springer}
}

@incollection{jakob2008fast,
  title={Fast multi-objective scheduling of jobs to constrained resources using a hybrid evolutionary algorithm},
  author={Jakob, Wilfried and Quinte, Alexander and Stucky, Karl-Uwe and S{\"u}{\ss}, Wolfgang},
  booktitle={Parallel Problem Solving from Nature--PPSN X},
  pages={1031--1040},
  year={2008},
  publisher={Springer}
}

@article{saito2007application,
  title={An application of finite field: Design and implementation of 128-bit instruction-based fast pseudorandom number generator},
  author={Saito, Mutsuo},
  journal={Master's thesis, Hiroshima University},
  year={2007}
}

 @misc{gridload,
   author = {GWA},
   title = {The Grid Workloads Archive},
   year = {2013},
   url = {http://gwa.ewi.tudelft.nl/pmwiki/},
   note = {Online; accessed 10-April-2013, http://gwa.ewi.tudelft.nl/pmwiki/}
 }

@misc{mpich2,
   author = {Argonne National Laboratory},
   title = {MPICH2 downloads},
   year = {2013},
   url = {http://www.mcs.anl.gov/research/projects/mpich2staging/goodell/downloads/index.php?s=downloads},
   note = {Online; accessed 1-May-2013, http://www.mcs.anl.gov/research/projects/mpich2staging\\/goodell/downloads/index.php?s=downloads}
 }
 @misc{wiki_wattage,
   author = {Wikipedia},
   title = {List of CPU power dissipation figures},
   year = {2013},
   url = {http://en.wikipedia.org/wiki/List_of_CPU_power_dissipation_figures},
   note = {Online; accessed 1-May-2013, http://en.wikipedia.org/wiki/List\_of\_CPU\_power\_dissipation\_figures}
 }
@misc{wiki_CPU,
   author = {Wikipedia},
   title = {Instructions per second},
   year = {2013},
   url = {http://en.wikipedia.org/wiki/Instructions_per_second},
   note = {Online; accessed 1-May-2013,http://en.wikipedia.org/wiki/Instructions\_$per\_$second}
 }

@article{buyya2005gentle,
  title={Article: A gentle introduction to grid computing and technologies},
  author={Buyya, Rajkumar and Venugopal, Srikumar},
  journal={Journal: Database},
  volume={2},
  pages={R3},
  year={2005}
}

@inproceedings{rajkumar1999architecture,
  title={Architecture Alternatives for Single System Image Clusters},
  author={Rajkumar, Buyya},
  booktitle={Conference on High Performance Computing on Hewlett-Packard Systems (HiPer'99), Tromse, Norway},
  year={1999}
}

@article{chtepen2005dynamic,
  title={Dynamic scheduling in grid systems},
  author={Chtepen, Maria and Dhoedt, Bart and Vanrolleghem, P},
  year={2005}
}

@book{nabrzyski2004grid,
  title={Book: Grid resource management: state of the art and future trends},
  author={Nabrzyski, Jarek and Schopf, Jennifer M, Jan},
  volume={64},
  year={2004},
  publisher={Springer}
}

@article{xhafa2010computational,
  title={Computational models and heuristic methods for Grid scheduling problems},
  author={Xhafa, Fatos and Abraham, Ajith},
  journal={Future generation computer systems},
  volume={26},
  number={4},
  pages={608--621},
  year={2010},
  publisher={Elsevier}
}

@article{chervenak2000data,
  title={The data grid: Towards an architecture for the distributed management and analysis of large scientific datasets},
  author={Chervenak, Ann and Foster, Ian and Kesselman, Carl and Salisbury, Charles and Tuecke, Steven},
  journal={Journal of network and computer applications},
  volume={23},
  number={3},
  pages={187--200},
  year={2000},
  publisher={Elsevier}
}

@article{foster2002grid,
  title={Grid services for distributed system integration},
  author={Foster, Ian and Kesselman, Carl and Nick, Jeffrey M and Tuecke, Steven},
  journal={Computer},
  volume={35},
  number={6},
  pages={37--46},
  year={2002},
  publisher={IEEE}
}

@article{greenberg2006best,
  title={Best practices for data centers: Lessons learned from benchmarking 22 data centers},
  author={Greenberg, Steve and Mills, Evan and Tschudi, Bill and Rumsey, Peter and Myatt, Bruce},
  journal={Proceedings of the ACEEE Summer Study on Energy Efficiency in Buildings in Asilomar, CA. ACEEE, August},
  volume={3},
  pages={76--87},
  year={2006}
}

@misc{pettey2007gartner,
  title={Gartner estimates ICT industry accounts for 2 percent of global CO2 emissions},
  author={Pettey, Cris},
  year={2007},
  publisher={Gartner Press Release (Apr 2007) http://www. gartner. com/it/page. jsp}
}

@article{foster2001anatomy,
  title={The anatomy of the grid: Enabling scalable virtual organizations},
  author={Foster, Ian and Kesselman, Carl and Tuecke, Steven},
  journal={International journal of high performance computing applications},
  volume={15},
  number={3},
  pages={200--222},
  year={2001},
  publisher={Sage Publications}
}


@article{deb2002fast,
  title={A fast and elitist multiobjective genetic algorithm: NSGA-II},
  author={Deb, Kalyanmoy and Pratap, Amrit and Agarwal, Sameer and Meyarivan, Tamt},
  journal={Evolutionary Computation, IEEE Transactions},
  volume={6},
  number={2},
  pages={182--197},
  year={2002},
  publisher={IEEE}
}

@inproceedings{grosan2007multiobjective,
  title={Multiobjective evolutionary algorithms for scheduling jobs on computational grids},
  author={Grosan, Crina and Abraham, Ajith and Helvik, Bjarne},
  booktitle={International Conference on Applied Computing},
  pages={459--463},
  year={2007}
}

@inproceedings{yu2008evolution,
  title={An evolution-based dynamic scheduling algorithm in grid computing environment},
  author={Yu, Kun-Ming and Chen, Cheng-Kwan},
  booktitle={Intelligent Systems Design and Applications, 2008. ISDA'08. Eighth International Conference on},
  volume={1},
  pages={450--455},
  year={2008},
  organization={IEEE}
}


@article{ang2009bandwidth,
  title={A Bandwidth-Aware Job Scheduling Based Scheduling on Grid Computing},
  author={Ang, TF and Ng, WK},
  journal={Asian Network for Scientific Information},
  volume={8},
  number={3},
  pages={372--277},
  year={2009}
}

@inproceedings{muthuvelu2005dynamic,
  title={A dynamic job grouping-based scheduling for deploying applications with fine-grained tasks on global grids},
  author={Muthuvelu, Nithiapidary and Liu, Junyang and Soe, Nay Lin and Srikumar, Venugopal and Sulistio, Anthony and Buyya, Rajkumar},
  booktitle={Conferences in Research and Practice in Information Technology Series},
  volume={108},
  pages={41--48},
  year={2005}
}

@article{ibarra1977heuristic,
  title={Heuristic algorithms for scheduling independent tasks on nonidentical processors},
  author={Ibarra, Oscar H and Kim, Chul E},
  journal={Journal of the ACM (JACM)},
  volume={24},
  number={2},
  pages={280--289},
  year={1977},
  publisher={ACM}
}

@inproceedings{kumar2004fuzzy,
  title={Fuzzy based resource management framework for high throughput computing},
  author={Kumar, K Pramod and Agarwal, Arun and Krishnan, R},
  booktitle={Cluster Computing and the Grid, 2004. CCGrid 2004. IEEE International Symposium on},
  pages={555--562},
  year={2004},
  organization={IEEE}
}

@inproceedings{abraham2006scheduling,
  title={Scheduling jobs on computational grids using fuzzy particle swarm algorithm},
  author={Abraham, Ajith and Liu, Hongbo and Zhang, Weishi and Chang, Tae-Gyu},
  booktitle={Knowledge-Based Intelligent Information and Engineering Systems},
  pages={500--507},
  year={2006},
  organization={Springer}
}

@article{liu2010scheduling,
  title={Scheduling jobs on computational grids using a fuzzy particle swarm optimization algorithm},
  author={Liu, Hongbo and Abraham, Ajith and Hassanien, Aboul Ella},
  journal={Future Generation Computer Systems},
  volume={26},
  number={8},
  pages={1336--1343},
  year={2010},
  publisher={Elsevier}
}

@inproceedings{zheng2006task,
  title={Task scheduling using parallel genetic simulated annealing algorithm},
  author={Zheng, Shijue and Shu, Wanneng and Gao, Li},
  booktitle={Service Operations and Logistics, and Informatics, 2006. SOLI'06. IEEE International Conference on},
  pages={46--50},
  year={2006},
  organization={IEEE}
}

@article{ritchie2004hybrid,
  title={A hybrid ant algorithm for scheduling independent jobs in heterogeneous computing environments},
  author={Ritchie, Graham and Levine, John},
  year={2004}
}

@article{ritchie2003static,
  title={Static multi-processor scheduling with ant colony optimisation \& local search},
  author={Ritchie, Graham},
  journal={Master of Science thesis, University of Edinburgh},
  pages={1--101},
  year={2003},
  publisher={Citeseer}
}

@inproceedings{abraham2000nature,
  title={Nature’s heuristics for scheduling jobs on computational grids},
  author={Abraham, Ajith and Buyya, Rajkumar and Nath, Baikunth},
  booktitle={The 8th IEEE international conference on advanced computing and communications (ADCOM 2000)},
  pages={45--52},
  year={2000}
}


@incollection{yarkhan2002experiments,
  title={Experiments with scheduling using simulated annealing in a grid environment},
  author={YarKhan, Asim and Dongarra, Jack J},
  booktitle={Grid Computing—GRID 2002},
  pages={232--242},
  year={2002},
  publisher={Springer}
}


@article{ritchie2003fast,
  title={A fast, effective local search for scheduling independent jobs in heterogeneous computing environments},
  author={Ritchie, Graham and Levine, John},
  year={2003}
}

@article{jis1979computers,
  title={Computers and intractability A Guide to the Theory of NP-Completeness},
  author={JIS, M Tech CSE Syllabus},
  year={1979}
}


@article{manne1960job,
  title={On the job-shop scheduling problem},
  author={Manne, Alan S},
  journal={Operations Research},
  volume={8},
  number={2},
  pages={219--223},
  year={1960},
  publisher={INFORMS}
}


@article{sahu2011many,
  title={Many-objective comparison of twelve grid scheduling heuristics},
  author={Sahu, Rajendra and Chaturvedi, Anand K},
  journal={International Journal of Computer Applications},
  volume={13},
  number={6},
  pages={9--17},
  year={2011},
  publisher={Citeseer}
}


@phdthesis{wall1996genetic,
  title={A genetic algorithm for resource-constrained scheduling},
  author={Wall, Matthew Bartschi},
  year={1996},
  school={Massachusetts Institute of Technology}
}

@ONLINE{gccint,
title = {GNU Compiler Collection (GCC) Internals},
note = {\url{http://gcc.gnu.org/onlinedocs/gccint/}}
}

@article{liao2009research,
  title={Research on Fine-grained Job scheduling in Grid Computing},
  author={Liao, Yeqing and Liu, Quan},
  journal={International Journal of Information Engineering and Electronic Business (IJIEEB)},
  volume={1},
  number={1},
  pages={9},
  year={2009}
}

@article{chtepen,
  title={Dynamic scheduling in grids system},
  author={M. Chtepen},
  journal={Sixth Firw PhD Symposium, Faculty of Engineering, Ghent University},
  pages={110},
  year={2005},
}

@book{brucker2004scheduling,
  title={Book: Scheduling algorithms},
  author={Brucker, Peter},
  year={2004},
  publisher={Springer}
}

@book{brucker2006scheduling,
  title={Book: Complex Scheduling},
  author={Brucker, Knust},
  year={2006},
  publisher={Springer}
}

@article{wang2012enhanced,
  title={An enhanced Pareto-based artificial bee colony algorithm for the multi-objective flexible job-shop scheduling},
  author={Wang, Ling and Zhou, Gang and Xu, Ye and Liu, Min},
  journal={The International Journal of Advanced Manufacturing Technology},
  pages={1--13},
  year={2012},
  publisher={Springer}
}
